%% This BibTeX bibliography file was created using BibDesk.
%% http://bibdesk.sourceforge.net/


%% Created for Nils Paulhe at 2013-02-26 10:41:33 +0100 


%% Saved with string encoding Unicode (UTF-8) 



@url{wiki,
	Author = {collectif},
	Date-Added = {2013-02-26 09:01:25 +0000},
	Date-Modified = {2013-02-26 09:39:24 +0000},
	Keywords = {MediaWiki},
	Lastchecked = {http://www.mediawiki.org/wiki/Manual:What_is_MediaWiki%3F},
	Title = {Manual:What is MediaWiki?},
	Urldate = {2013},
	Bdsk-Url-1 = {http://www.mediawiki.org/wiki/Manual:What_is_MediaWiki%3F}}

